
@Book{ModernFortran2023,
  author    = {Metcalf, Michael and Reid, John and Cohen, Malcolm and Bader, Reinhold},
  date      = {2023},
  title     = {Modern Fortran explained},
  isbn      = {9780198876588},
  publisher = {Oxford University Press},
  keywords  = {Fortran, programming},
}

@Article{CellularAutomataCoarrays,
  author       = {Shterenlikht, Anton and Cebamanos, Luis},
  date         = {2018},
  journaltitle = {ACM EuroMPI},
  title        = {{Cellular automata beyond 100k cores: MPI vs Fortran coarrays}},
  doi          = {10.1145/3236367.3236384},
  keywords     = {MPI, Fortran, coarrays, cellular-automata},
}


